% Encoding: UTF-8
% [ ] Corregir DOI
% [ ] Cuando hay DOI no hay URL
% [ ] Revisar todos los meses, sólo jan sin comillas, etc.
@book{thadEA2015,
  author    = {Godish, Thad and Davis, Wayne T. and Fu, Joshua S.}, 
  title     = {Air quality},
  publisher = {Florida},
  year      = 2015,
  address   = {The address},
  edition   = 5,
  doi = {10.1201/9781003032595}
}

@Article{akimoto2003,
  author  = {Hajime Akimoto},
  journal = {{S}cience},
  title   = {Global air quality and pollution},
  year    = {2003},
  number  = {5651},
  volume  = {302},
  doi     = {10.1126/science.1092666},
}

@Article{jacobEA2009,
  author  = {Daniel Jacob and Darrel Winner},
  journal = {Atmospheric Environment},
  title   = {Effect of climate change on air quality},
  year    = {2009},
  number  = {1},
  volume  = {43},
  doi     = {10.1016/j.atmosenv.2008.09.051},
}

@article{fenger1999,
  author  = {Jes Fenger},
  title   = {Urban air quality},
  journal = {Atmospheric Environment},
  volume  = {33},
  number  = {29},
  year    = {1999},
  doi     = {10.1016/s1352-2310(99)00290-3}
}

%issn    = {1745-655X},
@Article{estrellaEA2019,
  author  = {Estrella, Bertha and Semp\'ertegui, Fernando and Franco, Oscar H. and Cepeda, Magda and Naumova, Elena N.},
  journal = {Journal of Public Health Policy},
  title   = {Air pollution control and the occurrence of acute respiratory illness in school children of {Q}uito, {E}cuador},
  year    = {2019},
  month   = mar,
  number  = 1,
  pages   = {17--34},
  volume  = 40,
  day     = {01},
  doi     = {10.1057/s41271-018-0148-6},
}

%issn    = {1573-7810},
@Article{shierEA2019,
  author  = {Shier, Victoria and Nicosia, Nancy and Shih, Regina and Datar, Ashlesha},
  journal = {Population and {E}nvironment},
  title   = {Ambient air pollution and children's cognitive outcomes},
  year    = {2019},
  month   = mar,
  number  = 3,
  pages   = {347--367},
  volume  = 40,
  day     = {01},
  doi     = {10.1007/s11111-019-0313-2},
}

%issn    = {0013-9351},
@Article{kerrebijnEA1975,
  author  = {Kerrebijn, K. F. and Mourmans, A. R. M. and Biersteker, K.},
  journal = {Environmental Research},
  title   = {Study on the relationship of air pollution to respiratory disease in schoolchildren},
  year    = 1975,
  number  = 1,
  pages   = {14--28},
  volume  = 10,
  doi     = {10.1016/0013-9351(75)90070-5},
  url     = {http://www.sciencedirect.com/science/article/pii/0013935175900705},
}

%issn    = {0013-9351},
@Article{delfinoEA1994,
  author  = {Delfino, R. J. and Becklake, M. R. and Hanley, J. A.},
  journal = {Environmental Research},
  title   = {The relationship of urgent hospital admissions for respiratory illnesses to photochemical air pollution levels in {M}ontreal},
  year    = 1994,
  number  = 1,
  pages   = {1--19},
  volume  = 67,
  doi     = {10.1006/enrs.1994.1061},
  url     = {http://www.sciencedirect.com/science/article/pii/S0013935184710619},
}

%issn={1573-7225},
@article{katsouyanniEA1997,
  author="Katsouyanni, K.
  and Pershagen, G.",
  title="Ambient air pollution exposure and cancer",
  journal="Cancer Causes {\&} Control",
  year=1997,
  month=may,
  day="01",
  volume=8,
  number=3,
  pages="284--291",
  doi={10.1023/A:1018492818416},
}

%issn="1471-2458",
@article{smith2007,
  author="Smith, Jim T.",
  title="Are passive smoking, air pollution and obesity a greater mortality risk than major radiation incidents?",
  journal="BMC Public Health",
  year="2007",
  month=apr,
  day="03",
  volume=7,
  number=1,
  pages="49",
  doi={10.1186/1471-2458-7-49},
}

%issn="1436-3259",
@article{Wiwanitkit2008,
  author="Wiwanitkit, Viroj",
  title="{PM10} in the atmosphere and incidence of respiratory illness in Chiangmai during the smoggy pollution",
  journal="Stochastic Environmental Research and Risk Assessment",
  year="2008",
  month=apr,
  day="01",
  volume=22,
  number=3,
  pages="437--440",
  doi={10.1007/s00477-007-0149-7},
}

%issn="1476-069X",
@article{jerrettEA2014,
  author="Jerrett, Michael
  and McConnell, Rob
  and Wolch, Jennifer
  and Chang, Roger
  and Lam, Claudia
  and Dunton, Genevieve
  and Gilliland, Frank
  and Lurmann, Fred
  and Islam, Talat
  and Berhane, Kiros",
  title="Traffic-related air pollution and obesity formation in children: a longitudinal, multilevel analysis",
  journal="Environmental Health",
  year=2014,
  month=jun,
  day="09",
  volume=13,
  number=1,
  pages="49",
  doi={10.1186/1476-069X-13-49},
}

%issn="1476-069X",
@article{allenEA2016,
  author="Allen, Ryan T.
  and Hales, Nicholas M.
  and Baccarelli, Andrea
  and Jerrett, Michael
  and Ezzati, Majid
  and Dockery, Douglas W.
  and Pope, C. Arden",
  title="Countervailing effects of income, air pollution, smoking, and obesity on aging and life expectancy: population-based study of {U.S.} Counties",
  journal="Environmental Health",
  year=2016,
  month=aug,
  day="12",
  volume=15,
  number=1,
  pages="86",
  doi={10.1186/s12940-016-0168-2},
}

%issn = "0167-5273",
@article{kangEA2016,
  author = "Si-Hyuck Kang 
    and Jongbae Heo 
    and Il-Young Oh 
    and Jungeun Kim 
    and Woo-Hyun Lim 
    and Youngjin Cho 
    and Eue-Keun Choi 
    and Seung-Muk Yi 
    and Sang Do Shin 
    and Ho Kim 
    and Seil Oh",
  title = "Ambient air pollution and out-of-hospital cardiac arrest",
  journal = "International Journal of Cardiology",
  volume = 203,
  pages = "1086--1092",
  year = 2016,
  doi = {10.1016/j.ijcard.2015.11.100},
  keywords = "Sudden cardiac death, Air pollution, Epidemiology",
}

%issn = "0160-4120",
@article{buoliEA2018,
  author = "Massimiliano Buoli 
    and Silvia Grassi 
    and Alice Caldiroli 
    and Greta Silvia Carnevali 
    and Francesco Mucci 
    and Simona Iodice 
    and Laura Cantone 
    and Laura Pergoli 
    and Valentina Bollati",
  title = "Is there a link between air pollution and mental disorders?",
  journal = "Environment International",
  volume = 118,
  pages = "154--168",
  year = 2018,
  doi = {10.1016/j.envint.2018.05.044},
  url = "http://www.sciencedirect.com/science/article/pii/S0160412018305932",
}

@article{costillaEA2004, 
  author={A. Costilla and F. Corona  and J. G. {Velasco} and C. E. {Medina} and R. T. {Martínez} and D. E. {Cortes} and L. E. {Ramírez} and G. González}, 
  title={A relationship between acute respiratory illnesses and weather}, 
  volume=142, 
  number=7, 
  journal={Epidemiology and Infection}, 
  publisher={Cambridge University Press}, 
  year=2014, 
  pages={1375--1383},
  doi={10.1017/S0950268813001854}
}

%issn="2198-6592",
@article{bandyopadhyay2016,
  author="Bandyopadhyay, Amitava",
  title="Neurological Disorders from Ambient (Urban) Air Pollution Emphasizing {UFPM} and {PM}2.5",
  journal="Current Pollution Reports",
  year=2016,
  month=sep,
  day="01",
  volume=2,
  number=3,
  pages="203--211",
  doi={10.1007/s40726-016-0039-z},
}

@article{valentiEA2016,
  author="Valenti, Carla
  and Pozzi, Paolo
  and Busia, Alessandra
  and Mazza, Roberto
  and Bossi, Paolo
  and De Marco, Cinzia
  and Ruprecht, Ario Alberto
  and Borgini, Alessandro
  and Boffi, Roberto",
  title="Respiratory illness and air pollution from the steel industry: the case of Piqui{\'a} de Baixo, Brazil (Preliminary report)",
  journal="Multidisciplinary Respiratory Medicine",
  year="2016",
  month=nov,
  day="09",
  volume=11,
  number=1,
  pages="41",
  doi="10.1186/s40248-016-0077-9"
}

%issn="2196-5412",
@article{jayarajEA2017,
  author="Jayaraj, Richard L.
  and Rodriguez, Eric A.
  and Wang, Yi
  and Block, Michelle L.",
  title="Outdoor Ambient Air Pollution and Neurodegenerative Diseases: the Neuroinflammation Hypothesis",
  journal="Current Environmental Health Reports",
  year=2017,
  month=jun,
  day="01",
  volume=4,
  number=2,
  pages="166--179",
  abstract="Accumulating research indicates that ambient outdoor air pollution impacts the brain and may affect neurodegenerative diseases, yet the potential underlying mechanisms are poorly understood.",
  doi={10.1007/s40572-017-0142-3},
}

%issn = "0167-5273",
@article{fuEA2018,
  author = "Andrew Fu Wah Ho 
  and Win Wah 
  and Arul Earnest 
  and Yih Yng Ng 
  and Zhenjia Xie 
  and Nur Shahidah 
  and Susan Yap 
  and Pin Pin Pek 
  and Nan Liu 
  and Sean Shao Wei Lam 
  and Marcus Eng Hock Ong",
  title = "Health impacts of the Southeast Asian haze problem – A time-stratified case crossover study of the relationship between ambient air pollution and sudden cardiac deaths in Singapore",
  journal = "International Journal of Cardiology",
  volume = 271,
  pages = "352--358",
  year = 2018,
  doi = "10.1016/j.ijcard.2018.04.070",
  keywords = "Cardiac arrest, Air pollution, Survival, Time-stratified"
}
  
%issn = "2095-882X",
%url = "http://www.sciencedirect.com/science/article/pii/S2095882X17301020",
@article{kimEA2018,
  author = "Dasom Kim 
    and Zi Chen 
    and Lin-Fu Zhou 
    and Shou-Xiong Huang",
  title = "Air pollutants and early origins of respiratory diseases",
  journal = "Chronic Diseases and Translational Medicine",
  volume = 4,
  number = 2,
  pages = "75--94",
  year = 2018,
  note = "Special Issue: Air Pollution and Chronic Respiratory Diseases",
  doi = "10.1016/j.cdtm.2018.03.003",
}

%issn = "0013-9351",
@article{FioravantiEA2018,
  author = "Sara Fioravanti 
    and Giulia Cesaroni 
    and Chiara Badaloni 
    and Paola Michelozzi 
    and Francesco Forastiere 
    and Daniela Porta",
  title = "Traffic-related air pollution and childhood obesity in an Italian birth cohort",
  journal = "Environmental Research",
  volume = 160,
  pages = "479--486",
  year = 2018,
  doi = "10.1016/j.envres.2017.10.003",
}

%issn = "0012-3692",
@article{schraufnagelEA2019,
    author = "Dean E. Schraufnagel 
      and John R. Balmes 
      and Clayton T. Cowl 
      and Sara De Matteis 
      and Soon-Hee Jung 
      and Kevin Mortimer 
      and Rogelio Perez-Padilla 
      and Mary B. Rice 
      and Horacio Riojas-Rodriguez 
      and Akshay Sood 
      and George D. Thurston 
      and Teresa To 
      and Anessa Vanker 
      and Donald J. Wuebbles",
    title = "Air Pollution and Noncommunicable Diseases: A Review by the Forum of International Respiratory Societies’ Environmental Committee, Part 1: The Damaging Effects of Air Pollution",
    journal = "Chest",
    volume = "155",
    number = "2",
    pages = "409--416",
    year = "2019",
    doi = "10.1016/j.chest.2018.10.042",
    url = "http://www.sciencedirect.com/science/article/pii/S0012369218327235",
}

@article{BontEA2019,
  author = "Jeroen de Bont 
    and Maribel Casas 
    and Jose Barrera-Gómez 
    and Marta Cirach 
    and Ioar Rivas 
    and Damaskini Valvi 
    and Mar Álvarez 
    and Payam Dadvand 
    and Jordi Sunyer 
    and Martine Vrijheid",
  title = "Ambient air pollution and overweight and obesity in school-aged children in {B}arcelona, {S}pain",
  journal = "Environment International",
  volume = 125,
  pages = "58--64",
  year = 2019,
  doi = "10.1016/j.envint.2019.01.048",
  url = "http://www.sciencedirect.com/science/article/pii/S0160412018321950",
}


@article{zengEA2019,
  author = "Ying Zeng 
    and Ruoheng Lin 
    and Li Liu 
    and Yiting Liu 
    and Yamin Li",
  title = "Ambient air pollution exposure and risk of depression: A systematic review and meta-analysis of observational studies",
  journal = "Psychiatry Research",
  volume = "276",
  pages = "69--78",
  year = 2019,
  doi = "10.1016/j.psychres.2019.04.019",
  url = "http://www.sciencedirect.com/science/article/pii/S0165178119304160",
}

@article{xuEA2019,
  author = "Hongbing Xu 
    and Jie Chen 
    and Qian Zhao 
    and Yi Zhang 
    and Tong Wang 
    and Baihuan Feng 
    and Yang Wang 
    and Shengcong Liu 
    and Tieci Yi 
    and Shuo Liu 
    and Rongshan Wu 
    and Qiaochi Zhang 
    and Jiakun Fang 
    and Xiaoming Song 
    and Sanjay Rajagopalan 
    and Jianping Li 
    and Robert D. Brook 
    and Wei Huang",
  title = {"Ambient air pollution is associated with cardiac repolarization abnormalities in healthy adults"},
  journal = "Environmental Research",
  volume = 171,
  pages = "239--246",
  year = 2019,
  doi = "10.1016/j.envres.2019.01.023",
  url = "http://www.sciencedirect.com/science/article/pii/S0013935119300234"
}

@misc{aireNL,
  author    = "{{S}istema {I}ntegral de {M}onitoreo {A}mbiental {(SIMA)}, {N}uevo {L}eón}",
  title     = "aire.nl.gob.mx | {H}ome",
  howpublished = {\url{http://aire.nl.gob.mx/}},
  note = "[Accesed 14/may/2020]",
  year = 2020
}

@Article{1996a,
  author    = {Rebecca Bascom 
    and Bromberg, Philip A.
    and Costa, Daniel L.
    and Robert Devlin 
    and Dockery, Douglas W.
    and Frampton, Mark W.
    and William Lambert 
    and Samet, Jonathan M.
    and Speizer, Frank E.
    and Mark Utell},
  journal   = {American Journal of Respiratory and Critical Care Medicine},
  title     = {Health effects of outdoor air pollution. Part 2. Committee of the Environmental and Occupational Health Assembly of the American Thoracic Society},
  year      = 1996,
  month     = feb,
  number    = 2,
  pages     = {477--498},
  volume    = 153,
  doi       = {10.1164/ajrccm.153.2.8564086},
  publisher = {American Thoracic Society},
}

@Article{Morgan1978,
  author     = {Morgan, M. G. 
    and Morris, S. C. 
    and Meier, A. K. 
    and Shenk, D. L.},
  journal    = {Energy Syst. Policy; (United States)},
  title      = {Probabilistic methodology for estimating air-pollution health effects from coal-fired power plants},
  year       = 1978,
  address    = {United States},
  eprint     = {Sponsor Org.:},
  eprinttype = {pubmed},
  url        = {https://www.osti.gov/servlets/purl/7061082},
}

@Article{Kim2004,
  author  = {Kim, Janice J.
    and {American Academy of Pediatrics Committee on Environmental Health}},
  journal = {Pediatrics},
  title   = {Ambient air pollution: health hazards to children},
  year    = 2004,
  month   = dec,
  number  = 6,
  pages   = {1699--1707},
  volume  = 114,
  doi     = {10.1542/peds.2004-2166},
}

@Article{Qian2004,
  author   = {Qian, Zhengmin 
    and Chapman, Robert S.  
    and Wei Hu 
    and Fusheng Wei 
    and Korn, Leo R.  
    and Zhang, Junfeng (Jim) },
  journal  = {Environment International},
  title    = {Using air pollution based community clusters to explore air pollution health effects in children},
  year     = 2004,
  number   = 5,
  pages    = {611--620},
  volume   = 30,
  doi      = {10.1016/j.envint.2003.11.003},
  url      = {http://www.sciencedirect.com/science/article/pii/S0160412003002356},
}

@Article{Dockery1994,
  author    = {Dockery, D. W. 
    and Pope, C. A. },
  journal   = {Annual Review of Public Health},
  title     = {Acute Respiratory Effects of Particulate Air Pollution},
  year      = 1994,
  month     = may,
  number    = 1,
  pages     = {107--132},
  volume    = 15,
  doi       = {10.1146/annurev.pu.15.050194.000543},
  publisher = {Annual Reviews},
}

@Article{Oakes2014,
  author    = {Michelle Oakes 
    and Baxter, Lisa
    and Long, Thomas C. },
  journal   = {Environment International},
  title     = {Evaluating the application of multipollutant exposure metrics in air pollution health studies},
  year      = 2014,
  month     = aug,
  pages     = {90--99},
  volume    = 69,
  doi       = {10.1016/j.envint.2014.03.030},
  publisher = {Elsevier {BV}},
}

@Article{Pope1995,
  author    = {Pope, C. A.
    and Bates, D. V. 
    and Raizenne, M. E.},
  journal   = {Environmental Health Perspectives},
  title     = {Health effects of particulate air pollution: time for reassessment?},
  year      = 1995,
  month     = may,
  number    = 5,
  pages     = {472--480},
  volume    = 103,
  doi       = {10.1289/ehp.95103472},
  publisher = {Environmental Health Perspectives},
}

@Book{Krzyżanowski2005,
  author    = {Krzyżanowski, Michał},
  publisher = {World Health Organization Europe},
  title     = {Health effects of transport-related air pollution},
  year      = 2005,
  address   = {Copenhagen},
  isbn      = {9289013737},
}

@Article{Brauer2002,
  author    = {M. Brauer 
    and J. Brumm 
    and S. Vedal 
    and A. J. Petkau},
  journal   = {Risk Analysis},
  title     = {Exposure Misclassification and Threshold Concentrations in Time Series Analyses of Air Pollution Health Effects},
  year      = 2002,
  month     = dec,
  number    = 6,
  pages     = {1183--1193},
  volume    = 22,
  doi       = {10.1111/1539-6924.00282},
  publisher = {Wiley},
}

@Article{Dominici2003,
  author    = {Francesca Dominici 
    and Lianne Sheppard 
    and Merlise Clyde},
  journal   = {International Statistical Review},
  title     = {Health Effects of Air Pollution: A Statistical Review},
  year      = 2003,
  month     = aug,
  number    = 2,
  pages     = {243--276},
  volume    = 71,
  doi       = {10.1111/j.1751-5823.2003.tb00195.x},
  publisher = {Wiley},
}

@Article{CurtisEA2006,
  author    = {Luke Curtis and William Rea and Patricia Smith-Willis and Ervin Fenyves and Yaqin Pan},
  journal   = {Environment International},
  title     = {Adverse health effects of outdoor air pollutants},
  year      = 2006,
  month     = aug,
  number    = 6,
  pages     = {815--830},
  volume    = 32,
  doi       = {10.1016/j.envint.2006.03.012},
  publisher = {Elsevier {BV}},
  url       = {http://www.sciencedirect.com/science/article/pii/S0160412006000444},
}

@Article{Khafaie2016,
  author   = {Khafaie, Morteza 
    and Yajnik, Chittaranjan 
    and Salvi, Sundeep 
    and Ojha, Ajay},
  journal  = {japh},
  title    = {CRITICAL REVIEW OF AIR POLLUTION HEALTH EFFECTS WITH SPECIAL CONCERN ON RESPIRATORY HEALTH},
  year     = 2016,
  month    = may,
  number   = 2,
  volume   = 1,
  section  = {Review Article(s)},
  url      = {https://japh.tums.ac.ir/index.php/japh/article/view/42},
}

@Article{Katsouyanni1995,
  author    = {Katsouyanni, K.},
  journal   = {Environmental Health Perspectives},
  title     = {Health effects of air pollution in southern Europe: are there interacting factors?},
  year      = 1995,
  month     = mar,
  number    = 2,
  pages     = {23--27},
  volume    = 103,
  doi       = {10.1289/ehp.95103s223},
  publisher = {Environmental Health Perspectives},
}

@Article{Molitor2007,
  author    = {John Molitor 
    and Michael Jerrett 
    and Chih-Chieh Chang 
    and Nuoo-Ting Molitor 
    and Jim Gauderman 
    and Kiros Berhane 
    and Rob McConnell 
    and Fred Lurmann 
    and Jun Wu 
    and Arthur Winer 
    and Duncan Thomas},
  journal   = {Environmental Health Perspectives},
  title     = {Assessing Uncertainty in Spatial Exposure Models for Air Pollution Health Effects Assessment},
  year      = 2007,
  month     = aug,
  number    = 8,
  pages     = {1147--1153},
  volume    = 115,
  doi       = {10.1289/ehp.9849},
  publisher = {Environmental Health Perspectives},
}

@Article{CarracedoMartinez2010,
  author    = {Eduardo Carracedo-Martínez 
    and Margarita Taracido 
    and Aurelio Tobias 
    and Marc Saez 
    and Adolfo Figueiras},
  journal   = {Environmental Health Perspectives},
  title     = {Case-Crossover Analysis of Air Pollution Health Effects: A Systematic Review of Methodology and Application},
  year      = 2010,
  month     = aug,
  number    = 8,
  pages     = {1173--1182},
  volume    = 118,
  doi       = {10.1289/ehp.0901485},
  publisher = {Environmental Health Perspectives},
}

@Article{Terblanche1992,
  author  = {Terblanche, AP 
    and Opperman, L 
    and Nel, CM 
    and Reinach, SG 
    and Tosen, G 
    and Cadman, A},
  journal = {South African medical journal = Suid-Afrikaanse tydskrif vir geneeskunde},
  title   = {Preliminary results of exposure measurements and health effects of the Vaal Triangle Air Pollution Health Study},
  year    = 1992,
  issn    = {0256-9574},
  month   = {June},
  number  = 11,
  pages   = {550—-556},
  volume  = 81,
  url     = {http://europepmc.org/abstract/MED/1598646},
}

@Article{Shy1978,
  author   = {Shy, C. M. 
    and Kleinbaum, D. G. 
    and Morgenstern, H.},
  journal  = {Bulletin of the New York Academy of Medicine},
  title    = {The effect of misclassification of exposure status in epidemiological studies of air pollution health effects},
  year     = 1978,
  issn     = {0028-7091},
  month    = dec,
  number   = 19312979,
  pages    = {1155--1165},
  volume   = 54,
  database = {PubMed},
  url      = {https://www.ncbi.nlm.nih.gov/pmc/articles/PMC1807660/},
}

@Article{Bernstein2004,
  author    = {Jonathan A. Bernstein 
  and Neil Alexis 
  and Charles Barnes 
  and I. Leonard Bernstein 
  and Andre Nel 
  and David Peden 
  and David Diaz-Sanchez 
  and Susan M. Tarlo 
  and P. Brock Williams 
  and Jonathan A. Bernstein},
  journal   = {Journal of Allergy and Clinical Immunology},
  title     = {Health effects of air pollution},
  year      = 2004,
  month     = nov,
  number    = 5,
  pages     = {1116--1123},
  volume    = 114,
  doi       = {10.1016/j.jaci.2004.08.030},
  publisher = {Elsevier {BV}},
}

@Article{Seaton1995,
  author    = {A. Seaton 
    and D. Godden 
    and W. MacNee 
    and K. Donaldson},
  journal   = {The Lancet},
  title     = {Particulate air pollution and acute health effects},
  year      = 1995,
  month     = jan,
  number    = 8943,
  pages     = {176--178},
  volume    = 345,
  doi       = {10.1016/s0140-6736(95)90173-6},
  publisher = {Elsevier {BV}},
}

@Article{Bell2005,
  author    = {Bell, Michelle L.  
    and O'Neill, Marie S.
    and Cifuentes, Luis A. 
    and Braga, Alf{\'{e}}sio L. F.  
    and Collin Green 
    and Arize Nweke 
    and Jorge Rogat 
    and Katherine Sibold},
  journal   = {Environmental Science {\&} Policy},
  title     = {Challenges and recommendations for the study of socioeconomic factors and air pollution health effects},
  year      = 2005,
  month     = oct,
  number    = 5,
  pages     = {525--533},
  volume    = 8,
  doi       = {10.1016/j.envsci.2005.06.003},
  publisher = {Elsevier {BV}},
}

@Article{Kampa2008,
  author    = {Marilena Kampa 
    and Elias Castanas},
  journal   = {Environmental Pollution},
  title     = {Human health effects of air pollution},
  year      = 2008,
  month     = jan,
  number    = 2,
  pages     = {362--367},
  volume    = 151,
  doi       = {10.1016/j.envpol.2007.06.012},
  publisher = {Elsevier {BV}},
}

@Article{Lipfert2006,
  author    = {Lipfert, F. W. 
    and Wyzga, R. E. 
    and Baty, J. D. 
    and Miller, J. P.},
  journal   = {Atmospheric Environment},
  title     = {Traffic density as a surrogate measure of environmental exposures in studies of air pollution health effects: Long-term mortality in a cohort of {US} veterans},
  year      = 2006,
  month     = jan,
  number    = 1,
  pages     = {154--169},
  volume    = 40,
  doi       = {10.1016/j.atmosenv.2005.09.027},
  publisher = {Elsevier {BV}},
}

@Article{Pope2006,
  author    = {Pope, C. Arden  
    and Dockery, Douglas W.},
  journal   = {Journal of the Air {\&} Waste Management Association},
  title     = {Health Effects of Fine Particulate Air Pollution: Lines that Connect},
  year      = 2006,
  month     = jun,
  number    = 6,
  pages     = {709--742},
  volume    = 56,
  doi       = {10.1080/10473289.2006.10464485},
  publisher = {Informa {UK} Limited},
}

@Article{Maclure1991,
  author             = {Maclure, M.},
  journal            = {American journal of epidemiology},
  title              = {The case-crossover design: {A} method for studying transient effects on the risk of acute events.},
  year               = 1991,
  month              = Jan,
  pages              = {144--53},
  volume             = 133,
  address            = {United States},
  doi                = {10.1093/oxfordjournals.aje.a115853},
  completed          = {19910207},
  grantno            = {HL 41016/HL/NHLBI NIH HHS/United States},
  history            = {1991/01/15 00:00 [entrez]},
  issue              = 2,
  linking-issn       = {0002-9262},
  nlm-unique-id      = {7910653},
  owner              = {NLM},
  print-issn         = {0002-9262},
  publication-status = {ppublish},
  revised            = {20191210},
  source             = {Am J Epidemiol. 1991 Jan 15;133(2):144-53. doi: 10.1093/oxfordjournals.aje.a115853.},
  status             = {MEDLINE},
  subset             = {IM},
  title-abbreviation = {Am J Epidemiol},
}

@Article{saezEA1999,
  author    = {Saez, Marc 
    and Pérez-Hoyos, Santiago 
    and Tobias, Aurelio 
    and Saurina, Carme 
    and Barceló, M. Antònia 
    and Ballester, Ferran},
  journal   = {Revista Española de Salud Pública},
  title     = {Métodos de series temporales en los estudios epidemiológicos sobre contaminación atmosférica},
  year      = 1999,
  issn      = {1135-5727},
  pages     = {133--143},
  volume    = 73,
  publisher = {scieloes},
}

@Article{EhrlichEA1977,
  author    = {Ehrlich, Richard 
    and Findlay, J. C. 
    and Fenters, J. D. 
    and Gardner, D. E.},
  journal   = {Environmental Research},
  title     = {Health effects of short-term inhalation of nitrogen dioxide and ozone mixtures},
  year      = 1977,
  month     = oct,
  number    = 2,
  pages     = {223--231},
  volume    = 14,
  doi       = {10.1016/0013-9351(77)90034-2},
  publisher = {Elsevier {BV}},
}

@Article{HackneyEA1978,
  author    = {Hackney, Jack D. 
    and Thiede, Frederick C. 
    and Linn, William S. 
    and Pedersen, E. Eugene 
    and Spier, Charles E. 
    and Law, David C. 
    and Fischer, D. Armin},
  journal   = {Archives of Environmental Health: An International Journal},
  title     = {Experimental studies on human health effects of air pollutants. {IV}. {S}hort-term physiological and dlinical effects of nitrogen dioxide exposure},
  year      = 1978,
  month     = jul,
  number    = 4,
  pages     = {176--181},
  volume    = 33,
  doi       = {10.1080/00039896.1978.10667330},
  publisher = {Informa {UK} Limited},
}

@Article{LinnEA1978,
  author    = {Linn, William S. 
    and Buckley, Ramon D. 
    and Spier, Charles E. 
    and Blessey, Raymond L. 
    and Jones, Michael P. 
    and Fischer, D. Armin 
    and Hackney, Jack D.},
  journal   = {American Review Of Respiratory Disease},
  title     = {Health effects of ozone exposure in asthmatics},
  year      = 1978,
  month     = may,
  number    = 5,
  pages     = {835--843},
  volume    = 117,
  doi       = {10.1164/arrd.1978.117.5.835},
  publisher = {American Thoracic Society - AJRCCM},
}

@Article{Ferris1978,
  author    = {Benjamin G. Ferris},
  journal   = {Journal of the Air Pollution Control Association},
  title     = {Health effects of exposure to low levels of regulated air pollutants},
  year      = 1978,
  month     = may,
  number    = 5,
  pages     = {482--497},
  volume    = 28,
  doi       = {10.1080/00022470.1978.10470621},
  publisher = {Informa {UK} Limited},
}

@Article{HackneyEA1975,
  author    = {Jack D. Hackney 
    and William S. Linn 
    and Ramon D. Buckley 
    and E. Eugene Pedersen 
    and Sarunas K. Karuza 
    and David C. Law 
    and D. Armin Fischer},
  journal   = {Archives of Environmental Health: An International Journal},
  title     = {Experimental studies on human health effects of air pollutants},
  year      = 1975,
  month     = aug,
  number    = 8,
  pages     = {373--378},
  volume    = 30,
  doi       = {10.1080/00039896.1975.10666728},
  publisher = {Informa {UK} Limited},
}

@Article{LawtherEA1974,
  author    = {Lawther, P. J. 
    and Brooks, A. G. F. 
    and Lord, P. W. 
    and Waller, R. E.},
  journal   = {Environmental Research},
  title     = {Day-to-day changes in ventilatory function in relation to the environment},
  year      = 1974,
  month     = feb,
  number    = 1,
  pages     = {41--53},
  volume    = 7,
  doi       = {10.1016/0013-9351(74)90074-7},
  publisher = {Elsevier {BV}},
}

@Article{Lawther1959,
  author    = {Lawther, P. J.},
  journal   = {Journal (Royal Society of Health)},
  title     = {Chronic bronchitis and air pollution},
  year      = 1959,
  month     = jan,
  number    = 1,
  pages     = {4--9},
  volume    = 79,
  doi       = {10.1177/146642405907900102},
  publisher = {{SAGE} Publications},
}

@TechReport{hasselblad1978,
  author      = {Hasselblad, Victor},
  institution = {Environmental Protection Agency},
  title       = {Comparison of methods for the analysis of panel studies},
  year        = 1978,
  month       = jun,
  note        = {https://nepis.epa.gov/Exe/ZyPDF.cgi?Dockey=2000ZPAO.PDF},
}

@Article{Truett1967,
  author    = {Jeanne Truett and Jerome Cornfield and William Kannel},
  journal   = {Journal of Chronic Diseases},
  title     = {A multivariate analysis of the risk of coronary heart disease in {F}ramingham},
  year      = 1967,
  month     = jul,
  number    = 7,
  pages     = {511--524},
  volume    = 20,
  doi       = {10.1016/0021-9681(67)90082-3},
  publisher = {Elsevier {BV}},
}

@Article{Lebowitz1973,
  author    = {Michael D. Lebowitz},
  journal   = {Environmental Research},
  title     = {A comparative analysis of the stimulus-response relationship between mortality and air pollution-weather},
  year      = 1973,
  month     = mar,
  number    = 1,
  pages     = {106--118},
  volume    = 6,
  doi       = {10.1016/0013-9351(73)90023-6},
  publisher = {Elsevier {BV}},
}

@Article{Elwood1971,
  author    = {J.H. Elwood and G. MacKenzie and G.W. Cran},
  journal   = {Journal of Chronic Diseases},
  title     = {The measurement and comparison of infant mortality risks by binary multiple regression analysis},
  year      = 1971,
  month     = jul,
  number    = {2--3},
  pages     = {93--106},
  volume    = 24,
  doi       = {10.1016/0021-9681(71)90103-2},
  publisher = {Elsevier {BV}},
}

@Article{Koch1977,
  author    = {Gary G. Koch and J. Richard Landis and Jean L. Freeman and Daniel H. Freeman and Robert G. Lehnen},
  journal   = {Biometrics},
  title     = {A General Methodology for the Analysis of Experiments with Repeated Measurement of Categorical Data},
  year      = 1977,
  month     = mar,
  number    = 1,
  pages     = {133},
  volume    = 33,
  doi       = {10.2307/2529309},
  publisher = {{JSTOR}},
}

@Misc{egresos,
  author = {{Secretaría de Salud}},
  month  = aug,
  title  = {Egresos {H}ospitalarios. {D}atos abiertos},
  year   = {2020},
  url    = {http://www.dgis.salud.gob.mx/contenidos/basesdedatos/da_egresoshosp_gobmx.html},
}

@Book{zonasMetropolitanas2012,
  author    = {{Secretaría de Desarrollo Social} 
    and {Consejo Nacional de Población} 
    and {Instituto Nacional de Estadística y Geografía}},
  editor    = {{SEGOB}},
  publisher = {{SEGOB}},
  title     = {Delimitación de las zonas metropolitanasde {M}éxico 2010},
  month     = jun,
  year      = 2012,
  edition   = {Primera},
  isbn      = {978-607-427-164-5},
}

@misc{icd,
  author       = {{World Health Organization}},
  title        = {International Classification of Diseases},
  howpublished = {\url{https://www.who.int/classifications/icd/en/}},
  year         = 2020
}

@book{WeiEA1991,
  author    = {Steven C. Hillmer 
    and William W. S. Wei},
  journal   = {Journal of the American Statistical Association},
  title     = {Time series analysis: {U}nivariate and multivariate methods.},
  year      = 1991,
  month     = mar,
  number    = 413,
  pages     = {245},
  volume    = 86,
  doi       = {10.2307/2289741},
  publisher = {{JSTOR}},
}

@Misc{CordovaEA2019,
  author       = {Marco Cordova 
    and Juan Manuel Ramos},
  howpublished = {\url{https://aristeguinoticias.com/2910/mexico/en-nuevo-leon-permiso-para-contaminar-reportaje-video-y-podcast/}},
  month        = oct,
  title        = {En {N}uevo {L}eón, permiso para contaminar},
  year         = 2019,
}

@Misc{GoogleNews2020,
  author       = {{Google}},
  howpublished = {\url{https://news.google.com/}},
  month        = dec,
  title        = {Google Noticias},
  year         = 2020,
}

@Article{hatzakisEA1986,
  author    = {Hatzakis, A. and Katsouyanni, K. and Kalandidi, A. and Day, N. and Trichopoulos, D.},
  journal   = {International Journal of Epidemiology},
  title     = {Short-term effects of air pollution on mortality in {A}thens},
  year      = 1986,
  month     = mar,
  number    = 1,
  pages     = {73--81},
  volume    = 15,
  doi       = {10.1093/ije/15.1.73},
  publisher = {Oxford University Press ({OUP})},
}

@Article{LaveEA1973,
  author    = {Lester B. Lave 
    and Eugene P. Seskin},
  journal   = {Journal of the American Statistical Association},
  title     = {An analysis of the association between {U}.{S}. mortality and air pollution},
  year      = 1973,
  month     = jun,
  number    = 342,
  pages     = {284--290},
  volume    = 68,
  doi       = {10.1080/01621459.1973.10482421},
  publisher = {Informa {UK} Limited},
}

@Article{gottinger1983,
  author    = {Hans W. Gottinger},
  journal   = {Environment International},
  title     = {Air pollution health effects in the {M}unich metropolitan area: {P}reliminary results based on a statistical model},
  year      = 1983,
  month     = jan,
  number    = 3,
  pages     = {207--220},
  volume    = 9,
  doi       = {10.1016/0160-4120(83)90038-7},
  publisher = {Elsevier {BV}},
}

@Manual{semarnat172,
  title        = {Norma {O}ficial {M}exicana {NOM}-172-{SEMARNAT}-2019, {L}ineamientos para la obtención y comunicación del {Í}ndice de {C}alidad del {A}ire y {R}iesgos a la {S}alud.},
  author       = {{Secretaría de Gobernación de México}},
  organization = {SEMARNAT},
  year         = 2019,
  date         = {20 de noviembre de 2019},
  url          = {https://www.dof.gob.mx/nota_detalle.php?codigo=5579387&fecha=20/11/2019},
}

@Article{Giorgino2009,
  author    = {Toni Giorgino},
  journal   = {Journal of Statistical Software},
  title     = {Computing and visualizing {D}ynamic {T}ime {W}arping alignments {inR}: {ThedtwPackage}},
  year      = 2009,
  number    = 7,
  volume    = 31,
  doi       = {10.18637/jss.v031.i07},
  publisher = {Foundation for Open Access Statistic},
}

@Book{Wei2019,
  author    = {Wei, William},
  publisher = {Pearson},
  title     = {Time series analysis univariate and multivariate methods},
  year      = 2019,
  address   = {Boston},
  doi            = {10.2307/2289741},
}

@Book{Hyndman2018,
  author    = {Hyndman, Rob},
  publisher = {OTexts},
  title     = {Forecasting: principles and practice},
  year      = 2018,
  address   = {Melbourne},
  isbn      = {9780987507112},
}

@Book{Brockwell2002,
  author    = {Brockwell, Peter},
  publisher = {Springer},
  title     = {Introduction to time series and forecasting},
  year      = 2002,
  address   = {New York},
  doi            = {10.1007/978-3-319-29854-2},
}

@Article{Earnest2019,
  author    = {Arul Earnest 
    and Sue M Evans 
    and Fanny Sampurno 
    and Jeremy Millar},
  journal   = {{BMJ} Open},
  title     = {Forecasting annual incidence and mortality rate for prostate cancer in Australia until 2022 using autoregressive integrated moving average ({ARIMA}) models},
  year      = 2019,
  month     = aug,
  number    = 8,
  pages     = {e031331},
  volume    = 9,
  doi       = {10.1136/bmjopen-2019-031331},
  publisher = {{BMJ}},
}

@InProceedings{Kumar2014,
  author    = {Nitish Kumar 
    and Pinki Kumari 
    and Preetish Ranjan 
    and Abhishek Vaish},
  booktitle = {2014 Students Conference on Engineering and Systems},
  title     = {{ARIMA} model based breast cancer detection and classification through image processing},
  year      = 2014,
  month     = may,
  publisher = {{IEEE}},
  doi       = {10.1109/sces.2014.6880070},
}

@Article{BabuASReddy2015,
  author    = {Babu AS 
  and Reddy SK},
  journal   = {Journal of Stock {\&} Forex Trading},
  title     = {Exchange Rate Forecasting using {ARIMA}, Neural Network and Fuzzy Neuron},
  year      = {2015},
  number    = {03},
  volume    = {04},
  doi       = {10.4172/2168-9458.1000155},
  publisher = {{OMICS} Publishing Group},
}

@Article{Xiao2014,
  author    = {Yi Xiao and Jin Xiao and John Liu and Shouyang Wang},
  journal   = {Journal of Systems Science and Complexity},
  title     = {A multiscale modeling approach incorporating {ARIMA} and anns for financial market volatility forecasting},
  year      = 2014,
  month     = feb,
  number    = 1,
  pages     = {225--236},
  volume    = 27,
  doi       = {10.1007/s11424-014-3305-4},
  publisher = {Springer Science and Business Media {LLC}},
}

@Article{Cheng2007,
  author    = {Cheng, Heng-Wei},
  title     = {Arima models for forecasting Poisson process observations: Application to the volcanoes worldwide},
  year      = 2007,
  doi       = {10.25669/1RU9-PIWG},
  publisher = {University of Nevada, Las Vegas},
}

@Article{Popkin1984,
  author    = {Richard H. Popkin},
  journal   = {History of European Ideas},
  title     = {Predicting, prophecying, divining and foretelling from Nostradamus to Hume},
  year      = 1984,
  month     = jan,
  number    = 2,
  pages     = {117--135},
  volume    = 5,
  doi       = {10.1016/0191-6599(84)90063-9},
  publisher = {Informa {UK} Limited},
}

@Article{Pope1991,
  author    = {C. Arden Pope and Douglas W. Dockery and John D. Spengler and Mark E. Raizenne},
  journal   = {American Review of Respiratory Disease},
  title     = {Respiratory Health and {PM}10Pollution: A Daily Time Series Analysis},
  year      = 1991,
  month     = sep,
  number    = {3{\_}pt{\_}1},
  pages     = {668--674},
  volume    = 144,
  doi       = {10.1164/ajrccm/144.3_pt_1.668},
  publisher = {American Thoracic Society},
}

@Article{Ito1996DailyPA,
  author  = {K. Ito and G. Thurston},
  journal = {Journal of exposure analysis and environmental epidemiology},
  title   = {Daily PM10/mortality associations: an investigations of at-risk subpopulations.},
  year    = 1996,
  pages   = {79--95},
  volume  = 61,
}


@Article{firket1936,
  author    = {J. Firket},
  journal   = {Transactions of the Faraday Society},
  title     = {Fog along the {M}euse {V}alley},
  year      = 1936,
  pages     = 1192,
  volume    = 32,
  doi       = {10.1039/tf9363201192},
  publisher = {Royal Society of Chemistry ({RSC})},
}

@Article{logan1953,
  author             = {Logan, W. P. D.},
  journal            = {Lancet (London, England)},
  title              = {Mortality in the {L}ondon fog incident, 1952.},
  year               = 1953,
  month              = feb,
  pages              = {336--8},
  volume             = 1,
  linking-issn       = {0140-6736},
  print-issn         = {0140-6736},
  address            = {England},
  article-doi        = {10.1016/s0140-6736(53)91012-5},
  article-pii        = {S0140-6736(53)91012-5},
  completed          = {20030501},
  history            = {1953/02/14 00:00 [entrez]},
  issue              = {6755},
  nlm-unique-id      = {2985213R},
  other-id           = {CLML: 5323:36819:16},
  owner              = {NLM},
  publication-status = {ppublish},
  revised            = {20190611},
  doi                = {10.1016/s0140-6736(53)91012-5},
  status             = {MEDLINE},
  subset             = {OM},
  termowner          = {NLM},
  title-abbreviation = {Lancet},
}

@Article{Korn1979,
  author    = {Edward L. Korn 
    and Alice S. Whittemore},
  journal   = {Biometrics},
  title     = {Methods for analyzing panel studies of acute health effects of air pollution},
  year      = 1979,
  month     = dec,
  number    = 4,
  pages     = {795},
  volume    = 35,
  doi       = {10.2307/2530111},
  publisher = {{JSTOR}},
}

@Article{horowitz1980,
  author    = {Joel Horowitz},
  journal   = {Technometrics},
  title     = {Extreme values from a nonstationary stochastic process: {A}n application to air quality analysis},
  year      = 1980,
  month     = nov,
  number    = 4,
  pages     = {469--478},
  volume    = 22,
  doi       = {10.1080/00401706.1980.10486195},
  publisher = {Informa {UK} Limited},
}

@Article{finzEA1980,
  author    = {G. Finz and G. Fronza and A. Spirito},
  journal   = {Journal of the Air Pollution Control Association},
  title     = {Multivariate stochastic models of sulphur dioxide pollution in an urban area},
  year      = 1980,
  month     = nov,
  number    = 11,
  pages     = {1212--1215},
  volume    = 30,
  doi       = {10.1080/00022470.1980.10465170},
  publisher = {Informa {UK} Limited},
}

@Article{bacciEA1981,
  author    = {P. Bacci 
    and P. Bolzern 
    and G. Fronza},
  journal   = {Journal of Applied Meteorology},
  title     = {A stochastic predictor of air pollution based on short-term meteorological forecasts},
  year      = 1981,
  month     = feb,
  number    = 2,
  pages     = {121--129},
  volume    = 20,
  doi       = {10.1175/1520-0450(1981)020<0121:aspoap>2.0.co;2},
  publisher = {American Meteorological Society},
}

@Article{spenglerEA1983,
  author    = {J. Spengler and K. Sexton},
  journal   = {Science},
  title     = {Indoor air pollution: {A} public health perspective},
  year      = 1983,
  month     = jul,
  number    = 4605,
  pages     = {9--17},
  volume    = 221,
  doi       = {10.1126/science.6857273},
  publisher = {American Association for the Advancement of Science ({AAAS})},
}

@Book{Walsh1984,
  author    = {Walsh, Phillip},
  publisher = {CRC Press},
  title     = {Indoor air quality},
  year      = 1984,
  address   = {Boca Raton, Fla},
  isbn      = {0849350158},
}

@Article{levin1989,
  author  = {Levin, Henry},
  journal = {Occupational medicine (Philadelphia, Pa.)},
  title   = {Building materials and indoor air quality},
  year    = 1989,
  issn    = {0885-114X},
  number  = 4,
  pages   = {667—693},
  volume  = 4,
  url     = {http://europepmc.org/abstract/MED/2690380},
}

@Article{plourdeEA1989,
  author    = {Charles Plourde 
    and David Yeung},
  journal   = {Journal of Environmental Economics and Management},
  title     = {A model of industrial pollution in a stochastic environment},
  year      = 1989,
  month     = mar,
  number    = 2,
  pages     = {97--105},
  volume    = 16,
  doi       = {10.1016/0095-0696(89)90001-6},
  publisher = {Elsevier {BV}},
}

@Article{Singh2013,
  author    = {Kunwar P. Singh and Shikha Gupta and Premanjali Rai},
  journal   = {Atmospheric Environment},
  title     = {Identifying pollution sources and predicting urban air quality using ensemble learning methods},
  year      = 2013,
  month     = dec,
  pages     = {426--437},
  volume    = 80,
  doi       = {10.1016/j.atmosenv.2013.08.023},
  publisher = {Elsevier {BV}},
}

@Article{BoogaardEA2019,
  author    = {Hanna Boogaard and Katherine Walker and Aaron J Cohen},
  journal   = {International {H}ealth},
  title     = {Air pollution: the emergence of a major global health risk factor},
  year      = 2019,
  month     = oct,
  number    = 6,
  pages     = {417--421},
  volume    = 11,
  doi       = {10.1093/inthealth/ihz078},
  publisher = {Oxford University Press ({OUP})},
}

@Misc{unSustainable2018,
  author       = {{United Nations}},
  howpublished = {\url{https://www.un.org/sustainabledevelopment/sustainable-development-goals/}},
  title        = {Take action for the sustainable development goals},
  year         = 2018,
}

@Misc{unCitiesPollution2018,
  author       = {{United Nations}},
  howpublished = {\url{https://www.un.org/en/climatechange/climate-solutions/cities-pollution}},
  title        = {Cities and pollution},
  year         = 2018,
}

@Misc{whoToxicChildren2018,
  author       = {{World Health Organization}},
  howpublished = {\url{https://www.who.int/news/item/29-10-2018-more-than-90-of-the-world%e2%80%99s-children-breathe-toxic-air-every-day}},
  title        = {More than 90\% of the world’s children breathe toxic air every day},
  year         = 2018,
}

@Misc{UngerEA2020,
  author       = {Unger, David and Stepanov, Alex and Balamuta, James},
  howpublished = {\url{https://daviddalpiaz.github.io/appliedstats/}},
  month        = oct,
  title        = {Applied statistics with {R}},
  year         = 2020,
}

@Article{Ostro1983,
  author    = {Ostro, Bart D.},
  journal   = {Journal of Environmental Economics and Management},
  title     = {The effects of air pollution on work loss and morbidity},
  year      = 1983,
  month     = dec,
  number    = 4,
  pages     = {371--382},
  volume    = 10,
  doi       = {10.1016/0095-0696(83)90006-2},
  publisher = {Elsevier {BV}},
}

@Article{evansEA1988,
  author    = {Evans, Gary W. 
    and Colome, Steven D. 
    and Shearer, David F.},
  journal   = {Environmental Research},
  title     = {Psychological reactions to air pollution},
  year      = 1988,
  month     = feb,
  number    = 1,
  pages     = {1--15},
  volume    = 45,
  doi       = {10.1016/s0013-9351(88)80002-1},
  publisher = {Elsevier {BV}},
}

@Article{spenglerEA1984,
  author    = {Spengler, John D. 
    and Soczek, Mary Lou},
  journal   = {Environmental Science {\&} Technology},
  title     = {Evidence for improved ambient air quality and the need for personal exposure research},
  year      = 1984,
  month     = sep,
  number    = 9,
  pages     = {268A--280A},
  volume    = 18,
  doi       = {10.1021/es00127a001},
  publisher = {American Chemical Society ({ACS})},
}

@Article{kagawa1984,
  author    = {Jun Kagawa},
  journal   = {Atmospheric Environment (1967)},
  title     = {Health effects of air pollutants and their management},
  year      = 1984,
  month     = jan,
  number    = 3,
  pages     = {613--620},
  volume    = 18,
  doi       = {10.1016/0004-6981(84)90181-1},
  publisher = {Elsevier {BV}},
}

@Article{mostardiEA1981,
  author    = {Mostardi, Richard A. 
    and Woebkenberg, Nancy R. 
    and Ely, Daniel L. 
    and Conlon, Mary 
    and Atwood, Glenn},
  journal   = {Archives of Environmental Health: An International Journal},
  title     = {The {U}niversity of {A}kron {S}tudy on {A}ir {P}ollution and {H}uman {H}ealth {E}ffects {II}. {E}ffects on {A}cute {R}espiratory {I}llness},
  year      = 1981,
  month     = sep,
  number    = 5,
  pages     = {250--255},
  volume    = 36,
  doi       = {10.1080/00039896.1981.10667632},
  publisher = {Informa {UK} Limited},
}

@Article{pengellyEA1984,
  author    = {Pengelly, L. David 
    and Kerigan, Anthony T. 
    and Goldsmith, Charles H. 
    and Inman, Elizabeth M.},
  journal   = {Journal of the Air Pollution Control Association},
  title     = {The {H}amilton {S}tudy: {D}istribution of factors confounding the relationship between air quality and respiratory health},
  year      = 1984,
  month     = oct,
  number    = 10,
  pages     = {1039--1043},
  volume    = 34,
  doi       = {10.1080/00022470.1984.10465852},
  publisher = {Informa {UK} Limited},
}

@Article{chappieEA1982,
  author    = {Chappie, Mike 
    and Lave, Lester},
  journal   = {Journal of Urban Economics},
  title     = {The health effects of air pollution: {A} reanalysis},
  year      = 1982,
  month     = nov,
  number    = 3,
  pages     = {346--376},
  volume    = 12,
  doi       = {10.1016/0094-1190(82)90022-5},
  publisher = {Elsevier {BV}},
}

@Article{mazumdarEA1983,
  author    = {Sati Mazumdar 
    and Nancy Sussman},
  journal   = {Archives of Environmental Health: An International Journal},
  title     = {Relationships of air pollution to health: {R}esults from the {P}ittsburgh study},
  year      = 1983,
  month     = jan,
  number    = 1,
  pages     = {17--24},
  volume    = 38,
  doi       = {10.1080/00039896.1983.10543974},
  publisher = {Informa {UK} Limited},
}

@Article{smithEA2000,
  author    = {Smith, Richard L. 
    and Davis, Jerry M. 
    and Sacks, Jerome 
    and Speckman, Paul 
    and Styer, Patricia},
  journal   = {Environmetrics},
  title     = {Regression models for air pollution and daily mortality: analysis of data from {B}irmingham, {A}labama},
  year      = 2000,
  number    = 6,
  pages     = {719--743},
  volume    = 11,
  doi       = {10.1002/1099-095x(200011/12)11:6<719::aid-env438>3.0.co;2-u},
  publisher = {Wiley},
}

@Article{carracedoMartinezEA2009,
  author    = {Carracedo-Martínez, Eduardo 
    and Tobías, Aurelio 
    and Saez, Marc 
    and Taracido, Margarita 
    and Figueiras, Adolfo},
  journal   = {Gaceta Sanitaria},
  title     = {Fundamentos y aplicaciones del diseño de casos cruzados},
  year      = 2009,
  issn      = {0213-9111},
  month     = apr,
  pages     = {161--165},
  volume    = 23,
  language  = {es},
  publisher = {scieloes},
  url       = {http://scielo.isciii.es/scielo.php?script=sci_arttext&pid=S0213-91112009000200017&nrm=iso},
}

@Book{agresti2002,
  author    = {Agresti, Alan},
  publisher = {Wiley-Interscience},
  title     = {Categorical data analysis},
  year      = 2002,
  address   = {New York},
  isbn      = {0471360937},
}

@Book{rothman2008,
  author    = {Rothman, Kenneth},
  publisher = {Wolters Kluwer Health/Lippincott Williams \& Wilkins},
  title     = {Modern epidemiology},
  year      = 2008,
  address   = {Philadelphia},
  isbn      = {9781451190052},
}

@Article{LiEA2007,
  author    = {Heng L. Li 
    and Guo H. Huang 
    and Yun Zou},
  journal   = {Stochastic Environmental Research and Risk Assessment},
  title     = {An integrated fuzzy-stochastic modeling approach for assessing health-impact risk from air pollution},
  year      = 2007,
  month     = oct,
  number    = 6,
  pages     = {789--803},
  volume    = 22,
  doi       = {10.1007/s00477-007-0187-1},
  publisher = {Springer Science and Business Media {LLC}},
}

@Article{OettlEA2003,
  author    = {Oettl, D.
    and Almbauer , R. A.
    and Sturm , P. J.
    and Pretterhofer, G.},
  journal   = {Stochastic Environmental Research and Risk Assessment ({SERRA})},
  title     = {Dispersion modelling of air pollution caused by road traffic using a {M}arkov {C}hain-{M}onte {C}arlo model},
  year      = 2003,
  month     = may,
  number    = {1--2},
  pages     = {58--75},
  volume    = 17,
  doi       = {10.1007/s00477-002-0120-6},
  publisher = {Springer Science and Business Media {LLC}},
}

@Article{MorelEA1999,
  author    = {Morel, Benoit 
    and Yeh, Sonia 
    and Cifuentes, Luis},
  journal   = {Atmospheric Environment},
  title     = {Statistical distributions for air pollution applied to the study of the particulate problem in {S}antiago},
  year      = 1999,
  month     = jul,
  number    = 16,
  pages     = {2575--2585},
  volume    = 33,
  doi       = {10.1016/s1352-2310(98)00380-x},
  publisher = {Elsevier {BV}},
}

@Article{MilionisEA1994,
  author   = {A. E. Milionis and T. D. Davies},
  journal  = {Atmospheric Environment},
  title    = {Regression and stochastic models for air pollution--{II.} {A}pplication of stochastic models to examine the links between ground-level smoke concentrations and temperature inversions},
  year     = 1994,
  number   = 17,
  pages    = {2811--2822},
  volume   = 28,
  doi      = {10.1016/1352-2310(94)90084-1},
  url      = {https://www.sciencedirect.com/science/article/pii/1352231094900841},
}

@Article{ChristakosEA1999,
  author    = {Christakos, George 
    and Kolovos, Alexander},
  journal   = {Journal of Exposure Science {\&} Environmental Epidemiology},
  title     = {A study of the spatiotemporal health impacts of ozone exposure},
  year      = 1999,
  month     = aug,
  number    = 4,
  pages     = {322--335},
  volume    = 9,
  doi       = {10.1038/sj.jea.7500033},
  publisher = {Springer Science and Business Media {LLC}},
}

@Article{ChristakosEA2000,
  author    = {Christakos, George 
    and Serre, Marc L.},
  journal   = {Journal of Exposure Science {\&} Environmental Epidemiology},
  title     = {Spatiotemporal analysis of environmental exposure{\textendash}health effect associations},
  year      = 2000,
  month     = apr,
  number    = 2,
  pages     = {168--187},
  volume    = 10,
  doi       = {10.1038/sj.jea.7500077},
  publisher = {Springer Science and Business Media {LLC}},
}

@Book{Albert2007,
  author    = {Albert, Jim},
  publisher = {Springer-Verlag GmbH},
  title     = {Bayesian computation with {R}},
  year      = 2007,
  doi            = {10.1007/978-0-387-92298-0},
  month     = jul,
  ean       = {9780387713854},
  pagetotal = {268},
  url       = {https://www.ebook.de/de/product/24984339/jim_albert_bayesian_computation_with_r.html},
}

@Article{KontosEA1999,
  author    = {Kontos, A. S. 
    and Fassois, Spillios D. 
    and Deli, M. F.},
  journal   = {Environmental Research},
  title     = {Short-term effects of air pollution on childhood respiratory illness in {P}iraeus, {G}reece, 1987-1992: {N}onparametric stochastic dynamic analysis},
  year      = 1999,
  month     = nov,
  number    = 4,
  pages     = {275--296},
  volume    = 81,
  doi       = {10.1006/enrs.1999.3995},
  publisher = {Elsevier {BV}},
}

@Book{Pandit2001,
  author    = {Pandit, Sudhakar},
  publisher = {Krieger Pub. Co},
  title     = {Time series and system analysis with applications},
  year      = 2001,
  address   = {Malabar, Fla},
  isbn      = {1575241692},
}

@Article{Eichler2013,
  author    = {Michael Eichler},
  journal   = {Philosophical Transactions of the Royal Society A: Mathematical, Physical and Engineering Sciences},
  title     = {Causal inference with multiple time series: principles and problems},
  year      = 2013,
  month     = aug,
  number    = 1997,
  pages     = {20110613},
  volume    = 371,
  doi       = {10.1098/rsta.2011.0613},
  publisher = {The Royal Society},
}

@Book{Wei2019a,
  author    = {Wei, William W. S.},
  publisher = {WILEY},
  title     = {Multivariate Time Series Analysis and Applications},
  year      = 2019,
  isbn      = {1119502853},
  month     = mar,
  ean       = {9781119502852},
  pagetotal = {680},
  url       = {https://www.ebook.de/de/product/33988815/william_w_s_wei_multivariate_time_series_analysis_and_applications.html},
}

@Book{Lazzeri2021,
  author    = {Lazzeri, Francesca},
  publisher = {John Wiley & Sons Inc},
  title     = {Machine Learning for Time Series Forecasting with Python},
  year      = 2021,
  isbn      = {1119682363},
  month     = feb,
  ean       = {9781119682363},
  pagetotal = {224},
  url       = {https://www.ebook.de/de/product/38895007/francesca_lazzeri_machine_learning_for_time_series_forecasting_with_python.html},
}

@Misc{mexGobSS2020,
  author       = {{Gobierno de México, Secretaría de Salud}},
  howpublished = {\url{https://www.gob.mx/salud/acciones-y-programas/direccion-general-de-informacion-en-salud-dgis}},
  month        = jul,
  title        = {Dirección General de Información en Salud},
  year         = 2020,
}

@Book{who2011,
  author    = {{World Health Organization}},
  editor    = {{World Health Organization}},
  publisher = {World Health Organization},
  title     = {International statistical classification of diseases and related health problems},
  year      = 2011,
  address   = {Geneva},
  isbn      = {9789241548342},
}

@Article{arias2006,
  author  = {Arias, Jorge R.},
  journal = {The Seeker},
  title   = {What is an epidemiological week and why do we use them?},
  year    = 2006,
  month   = apr,
  number  = 1,
  pages   = {7},
  volume  = 6,
}

@Article{Granger1980,
  author    = {Granger, Clive W. J.},
  journal   = {Journal of Economic Dynamics and Control},
  title     = {Testing for causality},
  year      = 1980,
  month     = jan,
  pages     = {329--352},
  volume    = 2,
  doi       = {10.1016/0165-1889(80)90069-x},
  publisher = {Elsevier {BV}},
}

@Article{Hackney1984,
  author    = {Jack D. Hackney 
    and William S. Linn 
    and Edward L. Avol},
  journal   = {Environmental Science {\&} Technology},
  title     = {Assessing health effects of air pollution},
  year      = 1984,
  month     = apr,
  number    = 4,
  pages     = {115A--122A},
  volume    = 18,
  doi       = {10.1021/es00122a712},
  publisher = {American Chemical Society ({ACS})},
}

@Article{Lippmann1989,
  author    = {Morton Lippmann},
  journal   = {{JAPCA}},
  title     = {Health effects of ozone: {A} critical review},
  year      = 1989,
  month     = may,
  number    = 5,
  pages     = {672--695},
  volume    = 39,
  doi       = {10.1080/08940630.1989.10466554},
  publisher = {Informa {UK} Limited},
}

@InBook{derrickEA2004,
  author    = {Derrick, Timothy R. and Thomas, Joshua M.},
  chapter   = {Time Series Analysis: The Cross-Correlation Function},
  pages     = {189--205},
  publisher = {Kinesiology Publications},
  title     = {Innovative analyses of human movement},
  year      = 2004,
}

%editor    = {Florin Popescu and Isabelle Guyon},
@Book{popescuEA2013,
  author    = {Popescu, F. and Guyon, I.},
  publisher = {Microtome PublishingBrookline},
  title     = {Causality in time series},
  year      = 2013,
}

@InCollection{LiEA2002,
  author    = {Lixin Li 
    and Peter Revesz},
  booktitle = {Geographic Information Science},
  publisher = {Springer Berlin Heidelberg},
  title     = {A comparison of spatio-temporal interpolation methods},
  year      = 2002,
  pages     = {145--160},
  doi       = {10.1007/3-540-45799-2_11},
}

@Article{Friedman1962,
  author    = {Milton Friedman},
  journal   = {Journal of the American Statistical Association},
  title     = {The interpolation of time series by related series},
  year      = 1962,
  month     = dec,
  number    = 300,
  pages     = {729--757},
  volume    = 57,
  doi       = {10.1080/01621459.1962.10500812},
  publisher = {Informa {UK} Limited},
}

@Article{ComberEA2019,
  author    = {Alexis Comber and Wen Zeng},
  journal   = {Geography Compass},
  title     = {Spatial interpolation using areal features: A review of methods and opportunities using new forms of data with coded illustrations},
  year      = 2019,
  month     = aug,
  number    = 10,
  volume    = 13,
  doi       = {10.1111/gec3.12465},
  publisher = {Wiley},
}

@Article{price1979,
  author   = {Michael Price, J.},
  journal  = {Journal of Econometrics},
  title    = {The characterization of instantaneous causality : {A} correction},
  year     = 1979,
  month    = jun,
  number   = 2,
  pages    = {253--256},
  volume   = 10,
  abstract = {No abstract is available for this item.},
  url      = {https://ideas.repec.org/a/eee/econom/v10y1979i2p253-256.html},
}

@Article{sims1972,
  author  = {Sims, Christopher A.},
  journal = {American Economic Review},
  title   = {Money, income, and causality},
  year    = 1972,
  number  = 4,
  pages   = {540--52},
  volume  = 62,
  url     = {https://EconPapers.repec.org/RePEc:aea:aecrev:v:62:y:1972:i:4:p:540-52},
}

@Misc{cook2016,
  author       = {Cook, Steve},
  howpublished = {\url{https://www.economicsnetwork.ac.uk/showcase/cook_causality}},
  month        = apr,
  title        = {Illustrating the econometric analysis of causality via an application to the {UK} housing market},
  year         = 2016,
}

@Article{tsonisEA2004,
  author    = {Tsonis, A. A. 
    and Roebber, P. J.},
  journal   = {Physica A: Statistical Mechanics and its Applications},
  title     = {The architecture of the climate network},
  year      = 2004,
  month     = feb,
  pages     = {497--504},
  volume    = 333,
  doi       = {10.1016/j.physa.2003.10.045},
  publisher = {Elsevier {BV}},
}

@Article{dongesEA2009,
  author    = {J. F. Donges 
    and Y. Zou 
    and N. Marwan 
    and J. Kurths},
  journal   = {{EPL} (Europhysics Letters)},
  title     = {The backbone of the climate network},
  year      = 2009,
  month     = aug,
  number    = 4,
  pages     = {48007},
  volume    = 87,
  doi       = {10.1209/0295-5075/87/48007},
  publisher = {{IOP} Publishing},
}

@PhdThesis{Runge2014Detecting,
  author = {Runge, Jakob},
  school = {Humboldt-Universität zu Berlin, Mathematisch-Naturwissenschaftliche Fakultät},
  title  = {Detecting and quantifying causality from time series of complex systems},
  year   = 2014,
  doi    = {http://dx.doi.org/10.18452/17017},
}

@misc{usc,
  author = {{University of Southern California}},
  title = {Writing a Research Proposal},
  year = {2022},
  howpublished = {\url{https://libguides.usc.edu/writingguide/researchproposal}},
  note = {Accessed: 2021-08-10}
}

@misc{uw,
  author = {{University of Westminster}},
  title = {How to write your research proposal},
  year = {2022},
  howpublished = {\url{https://www.westminster.ac.uk/study/postgraduate/research-degrees/entry-requirements/how-to-write-your-research-proposal}},
  note = {Accessed: 2021-08-10}
}

@misc{yu,
  author = {{York St. John University}},
  title = {Writing your Research Proposal},
  year = {2022},
  howpublished = {\url{https://www.yorksj.ac.uk/study/research/apply/examples-of-research-proposals/}},
  note = {Accessed: 2021-08-10}
}

@misc{ub,
  author = {{University of Birmingham}},
  title = {How to Write a Research Proposal},
  year = {2022},
  howpublished = {\url{https://www.birmingham.ac.uk/schools/law/courses/research/research-proposal.aspx}},
  note = {Accessed: 2021-08-10}
}

@misc{mu,
  author = {{Monash University}},
  title = {Writing a research proposal},
  year = {2022},
  howpublished = {\url{https://www.monash.edu/rlo/graduate-research-writing/write-the-thesis/writing-a-research-proposal}},
  note = {Accessed: 2021-08-10}
}

@misc{proposal,
  author = {quxiaofeng},
  title = {A Proposal Form with Tick, Block Square, Paragraphs, and Underlines},
  year = {2022},
  howpublished = {\url{https://es.overleaf.com/latex/examples/a-proposal-form-with-tick-block-square-paragraphs-and-underlines/dmwhcxzxyxtp}},
  note = {Accessed: 2021-08-10}
}

@misc{yale,
  author = {{Yale College}},
  title = {How To Write a Proposal},
  year = {2022},
  howpublished = {\url{https://science.yalecollege.yale.edu/fellowships/how-write-proposal}},
  note = {Accessed: 2022-01-20}
}

