@misc{usc,
  author = {{University of Southern California}},
  title = {Writing a Research Proposal},
  year = {2022},
  howpublished = {\url{https://libguides.usc.edu/writingguide/researchproposal}},
  note = {Accessed: 2021-08-10}
}

@misc{uw,
  author = {{University of Westminster}},
  title = {How to write your research proposal},
  year = {2022},
  howpublished = {\url{https://www.westminster.ac.uk/study/postgraduate/research-degrees/entry-requirements/how-to-write-your-research-proposal}},
  note = {Accessed: 2021-08-10}
}

@misc{yu,
  author = {{York St. John University}},
  title = {Writing your Research Proposal},
  year = {2022},
  howpublished = {\url{https://www.yorksj.ac.uk/study/research/apply/examples-of-research-proposals/}},
  note = {Accessed: 2021-08-10}
}

@misc{ub,
  author = {{University of Birmingham}},
  title = {How to Write a Research Proposal},
  year = {2022},
  howpublished = {\url{https://www.birmingham.ac.uk/schools/law/courses/research/research-proposal.aspx}},
  note = {Accessed: 2021-08-10}
}

@misc{mu,
  author = {{Monash University}},
  title = {Writing a research proposal},
  year = {2022},
  howpublished = {\url{https://www.monash.edu/rlo/graduate-research-writing/write-the-thesis/writing-a-research-proposal}},
  note = {Accessed: 2021-08-10}
}

@misc{proposal,
  author = {quxiaofeng},
  title = {A Proposal Form with Tick, Block Square, Paragraphs, and Underlines},
  year = {2022},
  howpublished = {\url{https://es.overleaf.com/latex/examples/a-proposal-form-with-tick-block-square-paragraphs-and-underlines/dmwhcxzxyxtp}},
  note = {Accessed: 2021-08-10}
}

@misc{yale,
  author = {{Yale College}},
  title = {How To Write a Proposal},
  year = {2022},
  howpublished = {\url{https://science.yalecollege.yale.edu/fellowships/how-write-proposal}},
  note = {Accessed: 2022-01-20}
}

